@inproceedings{azevedo2008,
  title     = {KDD, SEMMA and CRISP-DM: a parallel overview},
  author    = {Ana Azevedo and Manuel Filipe Santos},
  booktitle = {IADIS European Conf. Data Mining},
  year      = {2008}
}

@misc{chapman1999,
  author        = {Pete Chapman},
  title         = {The CRISP-DM User Guide},
  url           = {https://s2.smu.edu/~mhd/8331f03/crisp.pdf},
  urlaccessdate = {30 mai 2021},
  year          = {1999},
  bdsk-url-1    = {https://s2.smu.edu/~mhd/8331f03/crisp.pdf}
}

@misc{chehab2020,
  author        = {Mohammad Chehab},
  howpublished  = {Analytics Vidhya},
  keywords      = {medium},
  title         = {Knowledge Discovery Data (KDD)},
  url           = {https://medium.com/analytics-vidhya/knowledge-discovery-data-kdd-a8b41509bff9},
  urlaccessdate = {29 mai 2021},
  year          = {2020},
  bdsk-url-1    = {https://medium.com/analytics-vidhya/knowledge-discovery-data-kdd-a8b41509bff9}
}

@book{han2006,
  address   = {San Francisco, CA, USA},
  author    = {Jiawei Han and Micheline Kamber},
  publisher = {Morgan Kaufmann Publishers},
  title     = {Data Mining: Concepts and Techniques},
  year      = {2006}
}

@book{provost2013,
  address   = {Sebastopol, CA, USA},
  author    = {Foster Provost and Tom Fawcett},
  publisher = {O'Reilly},
  title     = {Data Science for Business},
  year      = {2013}
}

@misc{wikipedia-crisp-2021,
  author        = {Wikipedia},
  howpublished  = {Wikipedia: the free encyclopedia},
  keywords      = {wikipedia, wiki, crisp-dm},
  title         = {Cross-industry standard process for data mining},
  url           = {https://en.wikipedia.org/wiki/Cross-industry_standard_process_for_data_mining},
  urlaccessdate = {30 mai 2021},
  year          = {2021},
  bdsk-url-1    = {https://en.wikipedia.org/wiki/Cross-industry_standard_process_for_data_mining}
}

@misc{wikipedia-semma-2021,
  author        = {Wikipedia},
  howpublished  = {Wikipedia: the free encyclopedia},
  keywords      = {wikipedia, wiki, semma},
  title         = {SEMMA},
  url           = {https://en.wikipedia.org/wiki/SEMMA},
  urlaccessdate = {30 mai 2021},
  year          = {2021},
  bdsk-url-1    = {https://en.wikipedia.org/wiki/SEMMA}
}